This is a test bib file for AGU
It contains all the examples from the
AuthorRefSheet.pdf, January 6, 2004

The fields EID and DOI are new, and are not yet standard for
all BibTeX files, but I hope they will be soon.

EID is what AGU calls "citation number" and what other publishers
 call "sequence number". It replaces the page number for electronic
 journals.

Recall rules for title: words that are always to be capitalized are
	 placed in {Curly Braces} while other words should be capitalized
	 as they would be printed for those journals that like capitalized
	 titles; for other journals, like AGU, these words will be set in
	 lower case.

These rules do not apply to BOOKTITLE, which is printed as is.

The first letter of a note text will also be set in lower case, unless
	placed in curly braces.


@article {Liang_1994,
	author = {Liang, Xu and Lettenmaier, Dennis P. and Wood, Eric F. and Burges, Stephen J.},
	title = {A simple hydrologically based model of land surface water and energy fluxes for general circulation models},
	journal = {Journal of Geophysical Research: Atmospheres},
	volume = {99},
	number = {D7},
	issn = {2156-2202},
	url = {http://dx.doi.org/10.1029/94JD00483},
	doi = {10.1029/94JD00483},
	pages = {14415--14428},
	keywords = {Hydrology: Water-energy interactions, Evapotranspiration, Hydroclimatology, Hydrological cycles and budgets},
	year = {1994},
}

@article{Cherkauer_2003,
	title={Variable infiltration capacity cold land process model updates},
	author={Cherkauer, Keith A and Bowling, Laura C and Lettenmaier, Dennis P},
	journal={Global and Planetary Change},
	volume={38},
	number={1},
	pages={151--159},
	year={2003},
	publisher={Elsevier}
}

@article{Bowling_2003,
	title={Simulation of high-latitude hydrological processes in the Torne--Kalix basin: PILPS Phase 2 (e): 1: Experiment description and summary intercomparisons},
	author={Bowling, Laura C and Lettenmaier, Dennis P and Nijssen, Bart and Graham, L Phil and Clark, Douglas B and El Maayar, Mustapha and Essery, Richard and Goers, Sven and Gusev, Yeugeniy M and Habets, Florence and others},
	journal={Global and Planetary Change},
	volume={38},
	number={1},
	pages={1--30},
	year={2003},
	publisher={Elsevier}
}

@article{Wood_1998,
	title={The project for intercomparison of land-surface parameterization schemes (pilps) phase 2 (c) red--arkansas river basin experiment:: 1. Experiment description and summary intercomparisons},
	author={Wood, Eric F and Lettenmaier, Dennis P and Liang, Xu and Lohmann, Dag and Boone, Aaron and Chang, Sam and Chen, Fei and Dai, Yongjiu and Dickinson, Robert E and Duan, Qingyun and others},
	journal={Global and Planetary Change},
	volume={19},
	number={1},
	pages={115--135},
	year={1998},
	publisher={Elsevier}
}

@article{Nijssen_1997,
	title={Streamflow simulation for continental-scale river basins},
	author={Nijssen, Bart and Lettenmaier, Dennis P and Liang, Xu and Wetzel, Suzanne W and Wood, Eric F},
	journal={Water Resources Research},
	volume={33},
	number={4},
	pages={711--724},
	year={1997},
	publisher={Wiley Online Library}
}

@article{Adam_2008,
	title={Application of new precipitation and reconstructed streamflow products to streamflow trend attribution in northern Eurasia},
	author={Adam, Jennifer C and Lettenmaier, Dennis P},
	journal={Journal of Climate},
	volume={21},
	number={8},
	pages={1807--1828},
	year={2008}
}

@article{Su_2005,
	title={Streamflow simulations of the terrestrial Arctic domain},
	author={Su, Fengge and Adam, Jennifer C and Bowling, Laura C and Lettenmaier, Dennis P},
	journal={Journal of Geophysical Research: Atmospheres},
	volume={110},
	number={D8},
	year={2005},
	publisher={Wiley Online Library}
}

@article{Tan_2011,
	title={Change in spring snowmelt timing in Eurasian Arctic rivers},
	author={Tan, Amanda and Adam, Jennifer C and Lettenmaier, Dennis P},
	journal={Journal of Geophysical Research: Atmospheres},
	volume={116},
	number={D3},
	year={2011},
	publisher={Wiley Online Library}
}

@article{Nijssen_2001a,
	title={Hydrologic sensitivity of global rivers to climate change},
	author={Nijssen, Bart and O'Donnell, Greg M and Hamlet, Alan F and Lettenmaier, Dennis P},
	journal={Climatic change},
	volume={50},
	number={1-2},
	pages={143--175},
	year={2001},
	publisher={Springer}
}

@article{Nijssen_2001b,
	title={Predicting the discharge of global rivers},
	author={Nijssen, Bart and O'Donnell, Greg M and Lettenmaier, Dennis P and Lohmann, Dag and Wood, Eric F},
	journal={Journal of Climate},
	volume={14},
	number={15},
	pages={3307--3323},
	year={2001}
}

@article{Nijssen_2001c,
	title={Global retrospective estimation of soil moisture using the variable infiltration capacity land surface model, 1980-93},
	author={Nijssen, Bart and Schnur, Reiner and Lettenmaier, Dennis P},
	journal={Journal of Climate},
	volume={14},
	number={8},
	pages={1790--1808},
	year={2001}
}

@article{Sheffield_2009,
	title={Global and continental drought in the second half of the twentieth century: severity-area-duration analysis and temporal variability of large-scale events},
	author={Sheffield, Justin and Andreadis, KM and Wood, EF and Lettenmaier, DP},
	journal={Journal of Climate},
	volume={22},
	number={8},
	pages={1962--1981},
	year={2009}
}

@article {Andreadis_2009,
author = {Andreadis, Konstantinos M. and Storck, Pascal and Lettenmaier, Dennis P.},
title = {Modeling snow accumulation and ablation processes in forested environments},
journal = {Water Resources Research},
volume = {45},
number = {5},
issn = {1944-7973},
url = {http://dx.doi.org/10.1029/2008WR007042},
doi = {10.1029/2008WR007042},
pages = {n/a--n/a},
keywords = {Mass balance, Snow and ice, Hydrometeorology, Land/atmosphere interactions, snow},
year = {2009},
note = {W05429},
}

@article{Liang_1996,
	title={One-dimensional statistical dynamic representation of subgrid spatial variability of precipitation in the two-layer variable infiltration capacity model},
	author={Liang, Xu and Lettenmaier, Dennis P and Wood, Eric F},
	journal={Journal of Geophysical Research: Atmospheres},
	volume={101},
	number={D16},
	pages={21403--21422},
	year={1996},
	publisher={Wiley Online Library}
}

@article{Liang_1999,
	title={Modeling ground heat flux in land surface parameterization schemes},
	author={Liang, Xu and Wood, Eric F and Lettenmaier, Dennis P},
	journal={Journal of Geophysical Research: Atmospheres},
	volume={104},
	number={D8},
	pages={9581--9600},
	year={1999},
	publisher={Wiley Online Library}
}

@article{Zhu_2009,
	title={Evaluating the influence of antecedent soil moisture on variability of the North American Monsoon precipitation in the coupled MM5/VIC modeling system},
	author={Zhu, Chunmei and Leung, L Ruby and Gochis, David and Qian, Yun and Lettenmaier, Dennis P},
	journal={Journal of Advances in Modeling Earth Systems},
	volume={1},
	number={4},
	year={2009},
	publisher={Wiley Online Library}
}

@article{Maurer_2002,
	title={A long-term hydrologically based dataset of land surface fluxes and states for the conterminous United States*},
	author={Maurer, EP and Wood, AW and Adam, JC and Lettenmaier, DP and Nijssen, B},
	journal={Journal of climate},
	volume={15},
	number={22},
	pages={3237--3251},
	year={2002}
}

@article{Hamlet_2005,
	title={Effects of temperature and precipitation variability on snowpack trends in the Western United States*},
	author={Hamlet, Alan F and Mote, Philip W and Clark, Martyn P and Lettenmaier, Dennis P},
	journal={Journal of Climate},
	volume={18},
	number={21},
	pages={4545--4561},
	year={2005}
}

@article{Shi_2011,
	title={The role of surface energy fluxes in pan-Arctic snow cover changes},
	author={Shi, Xiaogang and Groisman, Pavel Ya and D{\'e}ry, Stephen J and Lettenmaier, Dennis P},
	journal={Environmental Research Letters},
	volume={6},
	number={3},
	pages={035204},
	year={2011},
	publisher={IOP Publishing}
}

@article{Matheussen_2000,
	title={Effects of land cover change on streamflow in the interior Columbia River Basin (USA and Canada)},
	author={Matheussen, Bernt and Kirschbaum, Robin L and Goodman, Iris A and O'Donnell, Greg M and Lettenmaier, Dennis P},
	journal={Hydrological Processes},
	volume={14},
	number={5},
	pages={867--885},
	year={2000},
	publisher={Wiley Online Library}
}

@article{Hamlet_2007a,
	title={Effects of 20th century warming and climate variability on flood risk in the western US},
	author={Hamlet, Alan F and Lettenmaier, Dennis P},
	journal={Water Resources Research},
	volume={43},
	number={6},
	year={2007},
	publisher={Wiley Online Library}
}

@article{Hamlet_2007b,
	title={Twentieth-century trends in runoff, evapotranspiration, and soil moisture in the Western United States*},
	author={Hamlet, Alan F and Mote, Philip W and Clark, Martyn P and Lettenmaier, Dennis P},
	journal={Journal of Climate},
	volume={20},
	number={8},
	pages={1468--1486},
	year={2007}
}

@article{Gao_2011,
	title={Evaluating climate change over the Colorado River basin using regional climate models},
	author={Gao, Yanhong and Vano, Julie A and Zhu, Chunmei and Lettenmaier, Dennis P},
	journal={Journal of Geophysical Research: Atmospheres},
	volume={116},
	number={D13},
	year={2011},
	publisher={Wiley Online Library}
}

@article{Nijssen_2014,
	title={A prototype global drought information system based on multiple land surface models},
	author={Nijssen, Bart and Shukla, Shraddhanand and Lin, Chiyu and Gao, Huilin and Zhou, Tian and Sheffield, Justin and Wood, Eric F and Lettenmaier, Dennis P},
	journal={Journal of Hydrometeorology},
	volume={15},
	number={4},
	pages={1661--1676},
	year={2014}
}

@article{Sheffield_2007,
	title={Characteristics of global and regional drought, 1950--2000: Analysis of soil moisture data from off-line simulation of the terrestrial hydrologic cycle},
	author={Sheffield, Justin and Wood, Eric F},
	journal={Journal of Geophysical Research: Atmospheres},
	volume={112},
	number={D17},
	year={2007},
	publisher={Wiley Online Library}
}

@article{Sheffield_2008,
	title={Global trends and variability in soil moisture and drought characteristics, 1950-2000, from observation-driven simulations of the terrestrial hydrologic cycle},
	author={Sheffield, Justin and Wood, Eric F},
	journal={Journal of Climate},
	volume={21},
	number={3},
	pages={432--458},
	year={2008}
}

@article{Wang_2011,
	title={Soil moisture drought in China, 1950-2006},
	author={Wang, Aihui and Lettenmaier, Dennis P and Sheffield, Justin},
	journal={Journal of Climate},
	volume={24},
	number={13},
	pages={3257--3271},
	year={2011}
}

@article{Nijssen_2004,
	title={Effect of precipitation sampling error on simulated hydrological fluxes and states: Anticipating the Global Precipitation Measurement satellites},
	author={Nijssen, Bart and Lettenmaier, Dennis P},
	journal={Journal of Geophysical Research: Atmospheres},
	volume={109},
	number={D2},
	year={2004},
	publisher={Wiley Online Library}
}

@article{Pan_2010,
	title={Assessing the skill of satellite-based precipitation estimates in hydrologic applications},
	author={Pan, Ming and Li, Haibin and Wood, Eric},
	journal={Water Resources Research},
	volume={46},
	number={9},
	year={2010},
	publisher={Wiley Online Library}
}

@article{Su_2008,
	title={Evaluation of TRMM Multisatellite Precipitation Analysis (TMPA) and its utility in hydrologic prediction in the La Plata Basin},
	author={Su, Fengge and Hong, Yang and Lettenmaier, Dennis P},
	journal={Journal of Hydrometeorology},
	volume={9},
	number={4},
	pages={622--640},
	year={2008}
}

@article{Maurer_2001,
	title={Evaluation of the land surface water budget in NCEP/NCAR and NCEP/DOE reanalyses using an off-line hydrologic model},
	author={Maurer, Edwin P and O'Donnell, Greg M and Lettenmaier, Dennis P and Roads, John O},
	journal={Journal of Geophysical Research: Atmospheres},
	volume={106},
	number={D16},
	pages={17841--17862},
	year={2001},
	publisher={Wiley Online Library}
}

@article{Abdulla_1997,
	title={Application of regional parameter estimation schemes to simulate the water balance of a large continental river},
	author={Abdulla, Fayez A and Lettenmaier, Dennis P},
	journal={Journal of Hydrology},
	volume={197},
	number={1},
	pages={258--285},
	year={1997},
	publisher={Elsevier}
}

@article{Sheffield_2006,
	title={Development of a 50-year high-resolution global dataset of meteorological forcings for land surface modeling},
	author={Sheffield, Justin and Goteti, Gopi and Wood, Eric F},
	journal={Journal of Climate},
	volume={19},
	number={13},
	pages={3088--3111},
	year={2006}
}

@article{Hamman_2016a,
	 author = {Hamman, Joseph and Nijssen, Bart and Brunke, Michael and Cassano, John and DuVivier, Alice and He, Juanxiong and Lettenmaier, Dennis and Maslowski, Wieslaw and Roberts, Andrew and Zeng, Xubin},
	 title = {The Land Surface Climate in the Regional Arctic System Model},
	 journal = {Journal of Climate},
	 year = {2016},
	 type = {Journal Article},
	 doi = {10.1175/JCLI-D-15-0415.1}
}

@article{Hamman_2017a,
    author={Joseph Hamman and Bart Nijssen and Andrew Roberts and Anthony Craig and Wieslaw Maslowski and Robert Osinski},
    title={The Coastal Streamflow Flux in the Regional Arctic System Model},
    year={2017},
    type={Journal Article},
    journal={Journal of Geophysical Research: Oceans},
	doi={10.1002/2016JC012323},
}

@article{Andreadis_2006,
	title={Assimilating remotely sensed snow observations into a macroscale hydrology model},
	author={Andreadis, Konstantinos M and Lettenmaier, Dennis P},
	journal={Advances in water resources},
	volume={29},
	number={6},
	pages={872--886},
	year={2006},
	publisher={Elsevier}
}

@article{Pan_2006,
	title={Data assimilation for estimating the terrestrial water budget using a constrained ensemble Kalman filter},
	author={Pan, Ming and Wood, Eric F},
	journal={Journal of Hydrometeorology},
	volume={7},
	number={3},
	pages={534--547},
	year={2006}
}

@article{Shukla_2011,
	title={Drought monitoring for Washington State: Indicators and applications},
	author={Shukla, Shraddhanand and Steinemann, Anne C and Lettenmaier, Dennis P},
	journal={Journal of Hydrometeorology},
	volume={12},
	number={1},
	pages={66--83},
	year={2011}
}

@misc{Hamlet_1999,
	title={Effects of climate change on hydrology and water resources in the Columbia River Basin1},
	author={Hamlet, Alan F and Lettenmaier, Dennis P},
	year={1999},
	publisher={Wiley Online Library}
}

@article{Wood_2002,
	title={Long-range experimental hydrologic forecasting for the eastern United States},
	author={Wood, Andrew W and Maurer, Edwin P and Kumar, Arun and Lettenmaier, Dennis P},
	journal={Journal of Geophysical Research: Atmospheres},
	volume={107},
	number={D20},
	year={2002},
	publisher={Wiley Online Library}
}

@article{Gebregiorgis_2011,
	title={How much can a priori hydrologic model predictability help in optimal merging of satellite precipitation products?},
	author={Gebregiorgis, Abebe and Hossain, Faisal},
	journal={Journal of Hydrometeorology},
	volume={12},
	number={6},
	pages={1287--1298},
	year={2011}
}

@article{Maurer_2003,
	title={Predictability of seasonal runoff in the Mississippi River basin},
	author={Maurer, Edwin P and Lettenmaier, Dennis P},
	journal={Journal of Geophysical Research: Atmospheres},
	volume={108},
	number={D16},
	year={2003},
	publisher={Wiley Online Library}
}

@article{Barnett_2005,
	title={Potential impacts of a warming climate on water availability in snow-dominated regions},
	author={Barnett, Tim P and Adam, Jennifer C and Lettenmaier, Dennis P},
	journal={Nature},
	volume={438},
	number={7066},
	pages={303--309},
	year={2005},
	publisher={Nature Publishing Group}
}

@article{Beyene_2010,
	title={Hydrologic impacts of climate change on the Nile River Basin: implications of the 2007 IPCC scenarios},
	author={Beyene, Tazebe and Lettenmaier, Dennis P and Kabat, Pavel},
	journal={Climatic change},
	volume={100},
	number={3-4},
	pages={433--461},
	year={2010},
	publisher={Springer}
}

@article{Christensen_2007,
	title={A multimodel ensemble approach to assessment of climate change impacts on the hydrology and water resources of the Colorado River Basin},
	author={Christensen, Nadia S and Lettenmaier, Dennis P},
	journal={Hydrology and Earth System Sciences Discussions},
	volume={11},
	number={4},
	pages={1417--1434},
	year={2007}
}

@article{Christensen_2004,
	title={The effects of climate change on the hydrology and water resources of the Colorado River basin},
	author={Christensen, Niklas S and Wood, Andrew W and Voisin, Nathalie and Lettenmaier, Dennis P and Palmer, Richard N},
	journal={Climatic change},
	volume={62},
	number={1-3},
	pages={337--363},
	year={2004},
	publisher={Springer}
}

@article{Das_2011,
	title={The importance of warm season warming to western US streamflow changes},
	author={Das, Tapash and Pierce, David W and Cayan, Daniel R and Vano, Julie A and Lettenmaier, Dennis P},
	journal={Geophysical Research Letters},
	volume={38},
	number={23},
	year={2011},
	publisher={Wiley Online Library}
}

@article{Li_2009,
	title={The role of initial conditions and forcing uncertainties in seasonal hydrologic forecasting},
	author={Li, Haibin and Luo, Lifeng and Wood, Eric F and Schaake, John},
	journal={Journal of Geophysical Research: Atmospheres},
	volume={114},
	number={D4},
	year={2009},
	publisher={Wiley Online Library}
}

@article{Kumar_2006,
title = "Land information system: An interoperable framework for high resolution land surface modeling ",
journal = "Environmental Modelling \& Software",
volume = "21",
number = "10",
pages = "1402 - 1415",
year = "2006",
note = "",
issn = "1364-8152",
doi = "http://dx.doi.org/10.1016/j.envsoft.2005.07.004",
url = "http://www.sciencedirect.com/science/article/pii/S1364815205001283",
author = "S.V. Kumar and C.D. Peters-Lidard and Y. Tian and P.R. Houser and J. Geiger and S. Olden and L. Lighty and J.L. Eastman and B. Doty and P. Dirmeyer and J. Adams and K. Mitchell and E.F. Wood and J. Sheffield",
keywords = "Land surface modeling",
keywords = "High performance computing",
keywords = "Object-oriented frameworks",
keywords = "Interoperability",
keywords = "Earth system studies "
}

@misc{Eaton_2003,
	title={NetCDF Climate and Forecast (CF) metadata conventions},
	author={Eaton, Brian and Gregory, Jonathan and Drach, Bob and Taylor, Karl and Hankin, Steve and Caron, John and Signell, Rich and Bentley, Phil and Rappa, Greg and H{\"o}ck, Heinke and others},
	year={2003},
	publisher={Version}
}

@article{Gropp_1996,
title = "A high-performance, portable implementation of the MPI message passing interface standard",
journal = "Parallel Computing",
volume = "22",
number = "6",
pages = "789 - 828",
year = "1996",
note = "",
issn = "0167-8191",
doi = "http://dx.doi.org/10.1016/0167-8191(96)00024-5",
url = "http://www.sciencedirect.com/science/article/pii/0167819196000245",
author = "William Gropp and Ewing Lusk and Nathan Doss and Anthony Skjellum",
keywords = "Message passing interface",
keywords = "Parallel programming environment",
keywords = "Benchmark",
keywords = "Performance",
keywords = "Portability",
keywords = "MPI-2"
}

@article{Gochis_2013,
	title={The WRF-Hydro model technical description and user's guide, version 1.0},
	author={Gochis, DJ and Yu, W and Yates, DN},
	journal={NCAR Technical Document},
	volume={120},
	year={2013}
}

@article{Torvalds_2010,
  title={Git: Fast version control system},
  author={Torvalds, Linus and Hamano, Junio},
  journal={URL http://git-scm. com},
  year={2010}
}

@article{Rew_1990,
  doi = {10.1109/38.56302},
  url = {http://dx.doi.org/10.1109/38.56302},
  year = {1990},
  month = {jul},
  publisher = {Institute of Electrical {\&} Electronics Engineers ({IEEE})},
  volume = {10},
  number = {4},
  pages = {76--82},
  author = {R. Rew and G. Davis},
  title = {{{NetCDF}: an interface for scientific data access}},
  journal = {{IEEE} Comput. Grap. Appl.},
}

@article{Hurrell_2013,
    doi={10.1175/BAMS-D-12-00121.1},
    title={The {Community Earth System Model}: a framework for collaborative research},
    author={Hurrell, James W and Holland, Marika M and Gent, Peter R and Ghan, S and Kay, Jennifer E and Kushner, PJ and Lamarque, J-F and Large, William G and Lawrence, D and Lindsay, Keith and others},
    journal={Bulletin of the American Meteorological Society},
    volume={94},
    number={9},
    pages={1339--1360},
    year={2013},
    publisher={American Meteorological Society}
}

@article{Craig_2012,
    doi={10.1177/1094342011428141},
    year={2012},
    month={nov},
    publisher={{SAGE} Publications},
    volume={26},
    number={1},
    pages={31--42},
    author={A. P. Craig and M. Vertenstein and R. Jacob},
    title={{A new flexible coupler for earth system modeling developed for {CCSM}4 and {CESM}1}},
    journal={International Journal of High Performance Computing Applications},
}

@inproceedings{Peckham_2016,
  title={Advances in Geoscience Modeling: Smart Modeling Frameworks, Self-Describing Models and the Role of Standardized Metadata},
  author={Peckham, Scott},
  booktitle={EGU General Assembly Conference Abstracts},
  volume={18},
  pages={9508},
  year={2016}
}

@article{Ince_2012,
  title={The case for open computer programs},
  author={Ince, Darrel C and Hatton, Leslie and Graham-Cumming, John},
  journal={Nature},
  volume={482},
  number={7386},
  pages={485--488},
  year={2012},
  publisher={Nature Publishing Group}
}

@misc{Hamman_2017b,
  author       = {Joseph Hamman and
                  Bart Nijssen and
                  Ted Bohn and
                  Wietse Franssen and
				  Yixin Mao and
				  Diana Gergel},
  title        = {UW-Hydro/VIC: VIC 5.0.1},
  month        = feb,
  year         = 2017,
  doi          = {10.5281/zenodo.267178},
  url          = {https://doi.org/10.5281/zenodo.267178}
}

@article {Mendoza_2015,
	author = {Mendoza, Pablo A. and Clark, Martyn P. and Barlage, Michael and Rajagopalan, Balaji and Samaniego, Luis and Abramowitz, Gab and Gupta, Hoshin},
	title = {Are we unnecessarily constraining the agility of complex process-based models?},
	journal = {Water Resources Research},
	volume = {51},
	number = {1},
	issn = {1944-7973},
	url = {http://dx.doi.org/10.1002/2014WR015820},
	doi = {10.1002/2014WR015820},
	pages = {716--728},
	keywords = {Modeling, hydrology, process-based models, model agility, sensitivity analysis},
	year = {2015},
}
